@article{amin2004neural,
  title={Neural response to birdâ€™s own song and tutor song in the zebra finch field L and caudal mesopallium},
  author={Amin, N and Grace, JA and Theunissen, FE},
  journal={Journal of Comparative Physiology A},
  volume={190},
  number={6},
  pages={469--489},
  year={2004},
  publisher={Springer}
}
@article{amin2010role,
  title={Role of the zebra finch auditory thalamus in generating complex representations for natural sounds},
  author={Amin, Noopur and Gill, Patrick and Theunissen, Fr{\'e}d{\'e}ric E},
  journal={Journal of neurophysiology},
  volume={104},
  number={2},
  pages={784--798},
  year={2010},
  publisher={American Physiological Society Bethesda, MD}
}
@incollection{ondracek2013advances,
  title={Advances in understanding the auditory brain of songbirds},
  author={Ondracek, Janie M and Hahnloser, Richard HR},
  booktitle={Insights from Comparative Hearing Research},
  pages={347--388},
  year={2013},
  publisher={Springer}
}
@article{woolley2009functional,
  title={Functional groups in the avian auditory system},
  author={Woolley, Sarah MN and Gill, Patrick R and Fremouw, Thane and Theunissen, Fr{\'e}d{\'e}ric E},
  journal={Journal of Neuroscience},
  volume={29},
  number={9},
  pages={2780--2793},
  year={2009},
  publisher={Soc Neuroscience}
}
@article{nagel2008organizing,
  title={Organizing principles of spectro-temporal encoding in the avian primary auditory area field L},
  author={Nagel, Katherine I and Doupe, Allison J},
  journal={Neuron},
  volume={58},
  number={6},
  pages={938--955},
  year={2008},
  publisher={Elsevier}
}
@article{songbirddataset,
  title={Single-unit recordings from multiple auditory areas in male zebra finches},
  author={Theunissen, Frederic E and Gill, Patrick and Noopur, Amin and Zhang, Junli and Woolley, Sarah MN and Fremouw, Thane},
  year={2011},
  journal={CRCNS.org} 
}
@article{rowekamp2017cross,
  title={Cross-orientation suppression in visual area V2},
  author={Rowekamp, Ryan J and Sharpee, Tatyana O},
  journal={Nature communications},
  volume={8},
  pages={15739},
  year={2017},
  publisher={Nature Publishing Group}
}
@article{aertsen1981spectro,
  title={The spectro-temporal receptive field},
  author={Aertsen, AMHJ and Johannesma, PIM},
  journal={Biological cybernetics},
  volume={42},
  number={2},
  pages={133--143},
  year={1981},
  publisher={Springer}
}